<?xml version="1.0" encoding="UTF-8"?><record xmlns="http://www.loc.gov/MARC21/slim" xmlns:cinclude="http://apache.org/cocoon/include/1.0" xmlns:zs="http://www.loc.gov/zing/srw/">
  <leader>00593cz  a2200157n  4500</leader>
  <controlfield tag="001">n  88189683 </controlfield>
  <controlfield tag="003">DLC</controlfield>
  <controlfield tag="005">20070110074952.0</controlfield>
  <controlfield tag="008">890327n| acannaabn          |n aaa      </controlfield>
  <datafield tag="010" ind1=" " ind2=" ">
    <subfield code="a">n  88189683 </subfield>
    <subfield code="z">n  99000362 </subfield>
  </datafield>
  <datafield tag="035" ind1=" " ind2=" ">
    <subfield code="a">(OCoLC)oca02489058</subfield>
  </datafield>
  <datafield tag="040" ind1=" " ind2=" ">
    <subfield code="a">DLC</subfield>
    <subfield code="b">eng</subfield>
    <subfield code="c">DLC</subfield>
    <subfield code="d">DLC</subfield>
    <subfield code="d">InU</subfield>
  </datafield>
  <datafield tag="100" ind1="1" ind2=" ">
    <subfield code="a">Franka, Tibor</subfield>
  </datafield>
  <datafield tag="670" ind1=" " ind2=" ">
    <subfield code="a">His Most jöttem Erdélyből--, 1988:</subfield>
    <subfield code="b">t.p. (Franka Tibor)</subfield>
  </datafield>
  <datafield tag="670" ind1=" " ind2=" ">
    <subfield code="a">His Kinek van? Kinek nincs? avagy, Felső 100 ezer, alsó 10 millió Magyarországon, 1997:</subfield>
    <subfield code="b">t.p. (Franka Tibor)</subfield>
  </datafield>
  <datafield tag="670" ind1=" " ind2=" ">
    <subfield code="a">Ki kicsoda 2000, 1999:</subfield>
    <subfield code="b">(Franka Tibor; b. Jan. 28, 1952; journalist)</subfield>
  </datafield>
</record>